@inproceedings{arora2005fast,
  title={Fast algorithms for approximate semidefinite programming using the multiplicative weights update method},
  author={Arora, Sanjeev and Hazan, Elad and Kale, Satyen},
  booktitle={46th Annual IEEE Symposium on Foundations of Computer Science (FOCS'05)},
  pages={339--348},
  year={2005},
  organization={IEEE}
}

@book{vaart_1998, place={Cambridge}, series={Cambridge Series in Statistical and Probabilistic Mathematics}, title={Asymptotic Statistics}, DOI={10.1017/CBO9780511802256}, publisher={Cambridge University Press}, author={Vaart, A. W. van der}, year={1998}, collection={Cambridge Series in Statistical and Probabilistic Mathematics}}

 @misc{enwiki:inf,
    author = "{Wikipedia contributors}",
    title = "Infimum and supremum --- {Wikipedia}{,} The Free Encyclopedia",
    year = "2022",
    url = "https://en.wikipedia.org/w/index.php?title=Infimum_and_supremum&oldid=1120529538",
    note = "[Online; accessed 31-December-2022]"
  }

@article{bartlett2017,
    author =       "Peter Bartlett and Dylan J. Foster and Matus Telgarsky",
    title =        "Spectrally-normalized margin bounds for neural networks",
    journal =      "NeurIPS",
    year =         "2017"
}

@ARTICLE{belkin2019,
author    = {Belkin, M. and Hsu, D. and Ma, S. and Mandal, S.},
title     = {Reconciling modern machine-learning practice and the classical bias-variance trade-off},
journal   = {Proceedings of the National Academy of Sciences (PNAS)},
volume    = {116},
number    = {32},
pages     = {15849--15854},
year      = {2019},
note      = {},
doi       = {10.1073/pnas.1903070116}
}

@inproceedings{blanc2020implicit,
  title={Implicit regularization for deep neural networks driven by an ornstein-uhlenbeck like process},
  author={Blanc, Guy and Gupta, Neha and Valiant, Gregory and Valiant, Paul},
  booktitle={Conference on learning theory},
  pages={483--513},
  year={2020},
  organization={PMLR}
}

@article{freund1997decision,
	title={A decision-theoretic generalization of on-line learning and an application to boosting},
	author={Freund, Yoav and Schapire, Robert E},
	journal={Journal of computer and system sciences},
	volume={55},
	number={1},
	pages={119--139},
	year={1997},
	publisher={Elsevier}
}

@InProceedings{ge2015,
title = {Escaping From Saddle Points --- Online Stochastic Gradient for Tensor Decomposition},
author = {Rong Ge and Furong Huang and Chi Jin and Yang Yuan},
booktitle = {Proceedings of The 28th Conference on Learning Theory},
pages = {797--842},
year = {2015},
editor = {Peter Gr√ºnwald and Elad Hazan and Satyen Kale},
volume = {40},
series = {Proceedings of Machine Learning Research},
address = {Paris, France},
month = {03--06 Jul},
publisher = {PMLR}
}

@inproceedings{ge2016,
 author = {Ge, Rong and Lee, Jason D and Ma, Tengyu},
 booktitle = {Advances in Neural Information Processing Systems},
 editor = {D. Lee and M. Sugiyama and U. Luxburg and I. Guyon and R. Garnett},
 pages = {},
 publisher = {Curran Associates, Inc.},
 title = {Matrix Completion has No Spurious Local Minimum},
 url = {https://proceedings.neurips.cc/paper/2016/file/7fb8ceb3bd59c7956b1df66729296a4c-Paper.pdf},
 volume = {29},
 year = {2016}
}

@article{hillar2013,
author = {Hillar, Christopher J. and Lim, Lek-Heng},
title = {Most Tensor Problems Are NP-Hard},
year = {2013},
issue_date = {November 2013},
publisher = {Association for Computing Machinery},
volume = {60},
number = {6},
journal = {Journal of the ACM},
articleno = {45},
numpages = {39}
}


@article{hornik1991,
    author = "Kurt Hornik",
    title = "Approximation capabilities of multilayer feedforward networks",
    journal = "Neural Networks",
    volume = "4",
    pages = "251-257",
    year = "1991"
}

@InProceedings{lee2016,
title = {Gradient Descent Only Converges to Minimizers},
author = {Jason D. Lee and Max Simchowitz and Michael I. Jordan and Benjamin Recht},
booktitle = {29th Annual Conference on Learning Theory},
pages = {1246--1257},
year = {2016},
editor = {Vitaly Feldman and Alexander Rakhlin and Ohad Shamir},
volume = {49},
series = {Proceedings of Machine Learning Research},
address = {Columbia University, New York, New York, USA},
month = {23--26 Jun},
publisher = {PMLR}
}

@inproceedings{li2018algorithmic,
  title={Algorithmic regularization in over-parameterized matrix sensing and neural networks with quadratic activations},
  author={Li, Yuanzhi and Ma, Tengyu and Zhang, Hongyang},
  booktitle={Conference On Learning Theory},
  pages={2--47},
  year={2018},
  organization={PMLR}
}

@misc{haipengnotes,
	author        = {Haipeng Luo},
	title         = {Introduction to Online Learning},
	url = {https://haipeng-luo.net/courses/CSCI699/}, 
	year          = {2017},
}

@article{murty1987,
    author = {Murty, Katta G. and Kabadi, Santosh N.},
    title = {Some NP-complete problems in quadratic and nonlinear programming},
    journal = {Mathematical Programming},
    volume = {39},
    pages = {117--129},
    year = {1987}
}

@misc{percynotes,
  author        = {Percy Liang},
  title         = {CS229T/STAT231: Statistical Learning Theory (Winter 2016)},
  month         = {April},
  year          = {2016},
}

@book{rice2006mathematical,
  added-at = {2015-07-23T16:14:13.000+0200},
  author = {Rice, John A.},
  biburl = {https://www.bibsonomy.org/bibtex/27c9b064b982dbbdcc47f235520c096d4/asalber},
  edition = {Third},
  interhash = {6f67cee500f65c6b5cf366a16a878dd3},
  intrahash = {7c9b064b982dbbdcc47f235520c096d4},
  keywords = {biostatistics teaching},
  publisher = {Belmont, CA: Duxbury Press.},
  timestamp = {2015-07-23T16:14:13.000+0200},
  title = {Mathematical Statistics and Data Analysis.},
  year = 2006
}

@article{srebro2010optimistic,
  title={Optimistic rates for learning with a smooth loss},
  author={Srebro, Nathan and Sridharan, Karthik and Tewari, Ambuj},
  journal={arXiv preprint arXiv:1009.3896},
  year={2010}
}

@misc{thomasliu2018,
  author        = {Pengda Liu and Garrett Thomas},
  title         = {CS229T/STAT231: Statistical Learning Theory (Fall 2018)},
  month         = {October},
  year          = {2018},
}

@misc{vanhandel2016high,
  author        = {Ramon van Handel},
  title         = {Probability in High Dimension: APC 550 Lecture Notes},
  month         = {December},
  year          = {2016},
  publisher={Princeton University}
}

@misc{wei2020regularization,
      title={Regularization Matters: Generalization and Optimization of Neural Nets v.s. their Induced Kernel}, 
      author={Colin Wei and Jason D. Lee and Qiang Liu and Tengyu Ma},
      year={2020},
      eprint={1810.05369},
      archivePrefix={arXiv},
      primaryClass={stat.ML}
}
@article{zhang2002,
    author =       "Tong Zhang",
    title =        "Covering Number Bounds of Certain Regularized Linear Function Classes",
    journal =      "Journal of Machine Learning Research",
    volume =       "2",
    pages =        "527-550",
    year =         "2002"
}